@article{fama1997,
  title={Industry costs of equity},
  author={Fama, Eugene F and French, Kenneth R},
  journal={Journal of financial economics},
  volume={43},
  number={2},
  pages={153--193},
  year={1997},
  publisher={Elsevier}
}


@article{grinold2000,
  title={Active portfolio management},
  author={Grinold, Richard C and Kahn, Ronald N},
  year={2000},
  publisher={McGraw Hill New York, NY}
}


  @Manual{Texevier,
    title = {{Texevier}: {P}ackage to create Elsevier templates for Rmarkdown},
    author = {N.F. Katzke},
    organization = {Bureau for Economic Research},
    address = {Stellenbosch, South Africa},
    note = {version 0.1.2},
    year = {2017},
  }

  @Article{Mati2019,
    title = {DynareR: Bringing the Power of {Dynare} to {R}, {R Markdown}, and {Quarto}},
    author = {Sagiru Mati},
    year = {2019},
    journal = {CRAN},
    url = {https://CRAN.R-project.org/package=DynareR},
  }


@techreport{ecbwp770,
  author       = {{European Central Bank}},
  title        = {Economic and Monetary Developments No. 770},
  institution  = {European Central Bank},
  type         = {ECB Working Paper},
  number       = {770},
  year         = {2022},
  month        = {October},
  url          = {https://www.ecb.europa.eu/pub/pdf/scpwps/ecbwp770.pdf},
  note         = {Accessed June 6th, 2025}
}


@techreport{sims2024newkeynesian,
  author       = {Eric Sims},
  title        = {Graduate Macro Theory II: The Basic New Keynesian Model},
  institution  = {University of Notre Dame},
  type         = {Lecture Notes},
  number       = {ECON 60202 – Spring 2024},
  address      = {Notre Dame, IN},
  year         = {2024},
  month        = {Spring},
  url          = {https://sites.nd.edu/esims/files/2024/03/notes_new_keynesian_2024-1.pdf},
  note         = {Accessed June 4, 2025}
}

@techreport{sims2024rbc,
  author       = {Eric Sims},
  title        = {Graduate Macro Theory II: Extensions of Basic RBC Framework},
  institution  = {University of Notre Dame},
  type         = {Lecture Notes},
  number       = {ECON 60202 – Spring 2024},
  address      = {Notre Dame, IN},
  year         = {2024},
  month        = {February},
  url          = {https://sites.nd.edu/esims/files/2024/02/notes_rbc_extensions_2024.pdf},
  note         = {Accessed June 4, 2025}
}

@techreport{sims2024fiscal,
  author       = {Eric Sims},
  title        = {Fiscal Policy in the RBC Model},
  institution  = {University of Notre Dame},
  type         = {Lecture Notes},
  number       = {ECON 60202 – Spring 2024},
  address      = {Notre Dame, IN},
  year         = {2024},
  month        = {Spring},
  url          = {https://sites.nd.edu/esims/files/2024/02/notes_fiscal_policy_2024.pdf},
  note         = {Accessed June 4, 2025}
}


